2438 4500
244 265 338 335 Prius
356 274 494 348 prasens
521 279 598 343 opas
614 260 787 344 adgressus
808 258 1025 348 snm,.fangos
1046 263 1078 325 in
1118 261 1166 325 di·

163 352 266 416 versis
298 348 413 412 Sneciae
441 344 622 430 prouinciis,
657 345 803 407 montosis
853 342 890 409 it
920 345 1154 428 campestribus,

115 480 119 493 .
161 433 300 500 arenosis
321 429 358 496 θ’
368 427 545 515 frondosis,
570 444 630 508 per
657 427 829 490 dcccccninm
852 425 889 492 id
906 429 985 513 quod
1003 430 1158 501 excurrit,

159 515 401 598 diligentissime
420 511 596 596 conquisivi,
618 511 793 572 examinavi
815 507 852 574 aa
886 512 1045 594 descripsi.
1084 509 1166 573 Cele-

163 598 293 662 berrimi
313 595 486 658 Germania
512 592 671 675 Mycoiogi
689 591 825 673 piurima
847 615 992 656 nocorunc
1013 614 1165 675 generum
1194 628 1199 639 ·

164 679 205 748 ὅ
220 681 387 764 specierum
410 676 574 758 specimina
597 671 671 736 milei
703 676 815 755 largiti
836 683 918 748 sient,
940 698 1065 761 quornm
1088 688 1164 738 neto

162 780 263 850 panca
285 761 327 823 ad
344 777 484 840 prensens
507 757 650 825 Voinmen
678 760 876 838 pertinentia,
912 778 978 821 cum
1008 760 1166 823 exsiccata

164 848 199 912 in
220 842 373 907 ternariis
403 841 582 906 cocssernari
609 848 765 924 raequeant.
809 841 900 922 (Hac
932 845 1014 904 ratio
1050 858 1166 926 auoque

164 927 302 997 videtur,
338 945 393 988 cnr
422 924 510 986 matti
531 923 671 985 Bataniei
693 921 834 986 hodierni
859 925 901 986 ad
933 923 1077 987 herbaria
1109 942 1165 986 aa·

164 1010 270 1095 gendo
307 1007 507 1070 curiosissimi
540 1007 644 1088 magis
669 1022 758 1090 quam
795 1006 930 1078 Veteres,
951 1009 1108 1067 scientiam
1130 1009 1165 1069 in

164 1101 289 1167 natura
329 1090 450 1171 gremio
496 1090 642 1160 colentes,
677 1087 799 1172 sccicgos
836 1089 1062 1171 vilipendant).
1123 1089 1165 1150 In

162 1172 362 1273 &equentibus
384 1190 455 1234 nero
477 1172 676 1236 notaminibus
698 1171 739 1233 aa
760 1191 998 1258 arcamquamqne
1018 1172 1160 1253 speciem,

167 1272 217 1324 aar
240 1257 405 1339 specimina
427 1252 516 1316 acteo
554 1255 758 1336 gratissimas
777 1264 952 1338 agnoscam.
983 1255 1070 1319 Data
1108 1253 1167 1315 icae

168 1341 344 1413 occasiones
369 1337 548 1417 Fungornm
581 1345 615 1399 nt
645 1335 682 1402 &
709 1336 875 1401 Liciceuum
911 1340 1074 1419 specimina
1107 1357 1164 1399 ea-

168 1426 259 1490 riora
278 1418 316 1486 it'
346 1419 517 1500 originalia
542 1419 735 1502 possidentes
756 1422 850 1483 neiint
870 1441 983 1486 mecum
1005 1423 1167 1483 corruncani·

168 1507 252 1588 iare,
282 1506 377 1567 amice
397 1521 487 1586 rogo.
528 1502 584 1567 Me
606 1503 637 1567 in
662 1500 710 1568 ms
732 1503 967 1569 remunerandis
996 1504 1170 1589 paratissi-
1206 1538 1209 1573 ι

167 1604 253 1656 raum
282 1587 440 1653 invenient.
721 1615 725 1624 ·

251 1754 332 1821 Dein
353 1755 465 1827 omnia,
488 1771 553 1840 qna
572 1755 610 1818 de
623 1752 740 1839 fungis
769 1755 887 1837 scripta
920 1754 1001 1827 noni,
1041 1754 1168 1836 perlegi
1203 1768 1208 1785 ¹

168 1830 212 1907 δ’
229 1856 293 1924 aaa
306 1838 348 1902 ad
373 1845 497 1920 partem
518 1841 745 1921 systematicam
767 1858 783 1902 s
806 1846 912 1909 estant.
947 1839 977 1900 in
999 1836 1053 1897 icoc
1074 1856 1166 1917 opere
1202 1860 1207 1915 ᾗ

73 1924 76 1933 “
168 1920 202 2013 tp
219 1934 320 1986 'meum
339 1940 428 1984 nsum
447 1929 622 1995 convertere
640 1921 757 2005 studui.
779 1860 915 2005 {eliqua
930 1920 973 1983 ad
994 1919 1034 1981 M
1054 1921 1177 2000 cotogi'
1207 1972 1209 1983 .

170 2022 224 2081 am
260 2002 455 2066 'theoreticam
487 2009 659 2073 reseruata,
681 2002 717 2081 ob
740 1999 888 2066 summum
918 2008 998 2067 inter
1044 2010 1165 2081 pstema
1206 1996 1209 2027 ¹

169 2076 315 2165 na'tnraie
337 2081 605 2166 &Phasioiogianr
627 2103 739 2146 nexum
756 2084 817 2146 heic
832 2105 944 2170 qnoque
963 2089 1081 2164 passim
1098 2092 1166 2146 tan·
1200 2106 1209 2145 i

169 2170 384 2261 gere'coactns
396 2166 473 2250 fnit
520 2165 579 2248 Qui
600 2185 672 2228 nero
692 2170 795 2228 omnin
825 2171 855 2230 in
878 2186 950 2231 unce
972 2167 1094 2227 collecta
1114 2187 1163 2229 cn·
1199 2172 1209 2229 i

166 2252 229 2338 pit,
264 2250 356 2314 adeat
386 2249 598 2312 acutissimam
636 2251 746 2311 Neesii
798 2246 835 2310 ab
882 2250 1049 2310 Ecentieck
1088 2266 1165 2326 opas
1200 2228 1209 2287 “³

174 2331 258 2417 (Das
277 2335 401 2407 Siccam
423 2331 480 2390 der
500 2332 588 2394 aaz·
611 2339 677 2393 una
704 2332 945 2409 seinamma),
966 2328 1045 2416 qnod
1065 2330 1168 2392 anius-
1203 2316 1209 2389 i

170 2417 309 2504 cnjnsnis
332 2415 436 2479 studio
458 2414 694 2496 diligentissimo
712 2417 928 2481 dericandatnm
950 2414 1040 2479 notui.
1062 2445 1102 2460 -
1125 2412 1165 2476 In
1198 2442 1201 2447 ·

171 2503 339 2569 literatura
370 2498 535 2561 nouissima
564 2496 682 2582 forsan
720 2499 856 2585 quadani
883 2500 926 2563 ad
953 2519 1010 2562 nos
1031 2493 1163 2559 aonidum

167 2589 330 2672 perventa,
361 2600 408 2645 nce
435 2579 579 2664 saginat.
623 2581 776 2666 Praeipne
804 2583 899 2656 doleo,
928 2582 1008 2669 quani
1043 2579 1165 2643 tabutas

167 2663 296 2731 00001
316 2663 449 2746 priores,
473 2663 586 2748 aliquot
610 2670 756 2749 exceptis,
785 2669 816 2730 in
834 2669 977 2749 praetioso
1000 2664 1168 2726 Sowerbei

171 2767 263 2832 apere
295 2746 457 2830 (English
480 2748 614 2829 Fungi)
651 2758 770 2815 tantum
808 2750 956 2834 inspicere
988 2745 1063 2812 niiiri
1100 2756 1209 2817 comt

170 2833 294 2917 tigerit.
1205 2844 1208 2849 ·

189 3000 194 3009 '
253 2995 496 3077 Si'recentiores
526 2996 569 3060 ad
588 3000 802 3081 'cognitionem
825 2999 1004 3081 Fungorurn
1036 2997 1165 3063 Piieato·
1202 2992 1207 3067 't

171 3090 245 3148 ram
265 3082 365 3145 minus
387 3083 577 3153 contulerint,
594 3099 626 3143 eo
644 3085 739 3164 pinea
755 3084 837 3164 apud
871 3090 1076 3145 antecessores
1091 3083 1166 3139 Per·
1200 3070 1209 3193 Ξ

173 3167 295 3235 euenit,
336 3160 373 3227 aie
394 3164 460 3247 ipso
478 3182 549 3225 nero
569 3165 693 3236 omissa,
721 3165 959 3231 ,determinanda
981 3171 1111 3228 restant.
1134 3162 1166 3226 E
1201 3202 1209 3243 i,

171 3248 329 3313 netcribns
362 3250 389 3311 J.
417 3245 558 3310 nauhtni
591 3244 776 3322 Historiam,
813 3256 915 3331 utpote
938 3250 969 3311 in
988 3247 1167 3328 synonymis
1188 3244 1207 3297 ’ἕ

70 3370 72 3374 -
175 3332 454 3415 locupletissimam,
495 3324 533 3394 Β
541 3388 544 3393 .
561 3324 634 3405 Boii
664 3331 849 3406 Historiam,
883 3331 920 3393 ob
938 3322 1209 3437 observationesi

173 3414 290 3478 mattas
310 3422 484 3487 occnratas,
510 3416 661 3496 praecipue
684 3414 829 3496 atingani.
856 3414 961 3477 icones
984 3415 1164 3482 visitantis,

174 3495 340 3580 Michetii‚
366 3499 578 3559 Bsuxbaumii
613 3517 724 3567 omnes.
748 3506 781 3563 nt
806 3495 844 3563 fic
861 3503 1004 3570 Baccara,
1032 3516 1091 3558 nno
1123 3444 1209 3591 aad

138 3654 143 3669 .
173 3584 280 3643 tenone
312 3586 438 3665 excepto
465 3580 625 3668 Agaruo,
649 3582 819 3667 nentiquam
842 3581 1044 3666 spernendas,
1069 3579 1172 3643 aeter·
1198 3582 1209 3637 ’.

1201 3758 1209 3879 t
